@INPROCEEDINGS{kocsis2006bandit,
    author = {Levente Kocsis and Csaba Szepesv\'ari},
    title = {Bandit based Monte-Carlo Planning},
    booktitle = {In: ECML-06. Number 4212 in LNCS},
    year = {2006},
    pages = {282--293},
    publisher = {Springer}
}

@phdthesis{gelly2007contribution,
   author = "Sylvain Gelly",
   title = "Une contribution \`a l'apprentissage par renforcement; application au computer Go",
   school = "Universit\'e Paris-Sud",
   year = 2007
}